{
    "symbol": "UFI",
    "annualReports": [
        {
            "fiscalDateEnding": "2021-06-30",
            "reportedCurrency": "USD",
            "grossProfit": "93494000",
            "totalRevenue": "667592000",
            "costOfRevenue": "574098000",
            "costofGoodsAndServicesSold": "574098000",
            "operatingIncome": "38611000",
            "sellingGeneralAndAdministrative": "51334000",
            "researchAndDevelopment": "11483000",
            "operatingExpenses": "67386000",
            "investmentIncomeNet": "603000",
            "netInterestIncome": "-3323000",
            "interestIncome": "603000",
            "interestExpense": "3323000",
            "nonInterestIncome": "667592000",
            "otherNonOperatingIncome": "1342000",
            "depreciation": "22369000",
            "depreciationAndAmortization": "3076000",
            "incomeBeforeTax": "46347000",
            "incomeTaxExpense": "17274000",
            "interestAndDebtExpense": "3323000",
            "netIncomeFromContinuingOperations": "29073000",
            "comprehensiveIncomeNetOfTax": "39447000",
            "ebit": "49670000",
            "ebitda": "52746000",
            "netIncome": "29073000"
        },
        {
            "fiscalDateEnding": "2020-06-30",
            "reportedCurrency": "USD",
            "grossProfit": "39040000",
            "totalRevenue": "606509000",
            "costOfRevenue": "567469000",
            "costofGoodsAndServicesSold": "567469000",
            "operatingIncome": "-8821000",
            "sellingGeneralAndAdministrative": "43814000",
            "researchAndDevelopment": "11257000",
            "operatingExpenses": "60192000",
            "investmentIncomeNet": "722000",
            "netInterestIncome": "-4779000",
            "interestIncome": "-4534000",
            "interestExpense": "4779000",
            "nonInterestIncome": "606509000",
            "otherNonOperatingIncome": "245000",
            "depreciation": "20659000",
            "depreciationAndAmortization": "3382000",
            "incomeBeforeTax": "-56265000",
            "incomeTaxExpense": "972000",
            "interestAndDebtExpense": "4779000",
            "netIncomeFromContinuingOperations": "-57237000",
            "comprehensiveIncomeNetOfTax": "-77814000",
            "ebit": "-51486000",
            "ebitda": "-48104000",
            "netIncome": "-57237000"
        },
        {
            "fiscalDateEnding": "2019-06-30",
            "reportedCurrency": "USD",
            "grossProfit": "66308000",
            "totalRevenue": "708804000",
            "costOfRevenue": "642496000",
            "costofGoodsAndServicesSold": "642496000",
            "operatingIncome": "10960000",
            "sellingGeneralAndAdministrative": "52690000",
            "researchAndDevelopment": "12359000",
            "operatingExpenses": "66469000",
            "investmentIncomeNet": "628000",
            "netInterestIncome": "-5414000",
            "interestIncome": "628000",
            "interestExpense": "5414000",
            "nonInterestIncome": "708673000",
            "otherNonOperatingIncome": "4465000",
            "depreciation": "19917000",
            "depreciationAndAmortization": "1112000",
            "incomeBeforeTax": "10011000",
            "incomeTaxExpense": "7555000",
            "interestAndDebtExpense": "5545000",
            "netIncomeFromContinuingOperations": "2456000",
            "comprehensiveIncomeNetOfTax": "-240000",
            "ebit": "15425000",
            "ebitda": "16537000",
            "netIncome": "2456000"
        },
        {
            "fiscalDateEnding": "2018-06-30",
            "reportedCurrency": "USD",
            "grossProfit": "86428000",
            "totalRevenue": "678912000",
            "costOfRevenue": "592484000",
            "costofGoodsAndServicesSold": "592484000",
            "operatingIncome": "28799000",
            "sellingGeneralAndAdministrative": "56077000",
            "researchAndDevelopment": "7792000",
            "operatingExpenses": "64941000",
            "investmentIncomeNet": "560000",
            "netInterestIncome": "-4935000",
            "interestIncome": "560000",
            "interestExpense": "4935000",
            "nonInterestIncome": "678912000",
            "otherNonOperatingIncome": "6347000",
            "depreciation": "19994000",
            "depreciationAndAmortization": "1110000",
            "incomeBeforeTax": "30211000",
            "incomeTaxExpense": "-1491000",
            "interestAndDebtExpense": "4935000",
            "netIncomeFromContinuingOperations": "31702000",
            "comprehensiveIncomeNetOfTax": "24049000",
            "ebit": "35146000",
            "ebitda": "36256000",
            "netIncome": "31702000"
        },
        {
            "fiscalDateEnding": "2017-06-30",
            "reportedCurrency": "USD",
            "grossProfit": "94164000",
            "totalRevenue": "647270000",
            "costOfRevenue": "553106000",
            "costofGoodsAndServicesSold": "553106000",
            "operatingIncome": "43768000",
            "sellingGeneralAndAdministrative": "50829000",
            "researchAndDevelopment": "7177000",
            "operatingExpenses": "60926000",
            "investmentIncomeNet": "517000",
            "netInterestIncome": "-3578000",
            "interestIncome": "517000",
            "interestExpense": "3578000",
            "nonInterestIncome": "-1662000",
            "otherNonOperatingIncome": "3085000",
            "depreciation": "17803000",
            "depreciationAndAmortization": "1381000",
            "incomeBeforeTax": "43773000",
            "incomeTaxExpense": "10898000",
            "interestAndDebtExpense": "3578000",
            "netIncomeFromContinuingOperations": "32377000",
            "comprehensiveIncomeNetOfTax": "29746000",
            "ebit": "47351000",
            "ebitda": "48732000",
            "netIncome": "32875000"
        }
    ],
    "quarterlyReports": [
        {
            "fiscalDateEnding": "2022-03-31",
            "reportedCurrency": "USD",
            "grossProfit": "19144000",
            "totalRevenue": "200071000",
            "costOfRevenue": "196025000",
            "costofGoodsAndServicesSold": "181636000",
            "operatingIncome": "5755000",
            "sellingGeneralAndAdministrative": "14389000",
            "researchAndDevelopment": "None",
            "operatingExpenses": "14220000",
            "investmentIncomeNet": "492000",
            "netInterestIncome": "-709000",
            "interestIncome": "492000",
            "interestExpense": "709000",
            "nonInterestIncome": "200780000",
            "otherNonOperatingIncome": "533000",
            "depreciation": "5608000",
            "depreciationAndAmortization": "6489000",
            "incomeBeforeTax": "4764000",
            "incomeTaxExpense": "2698000",
            "interestAndDebtExpense": "709000",
            "netIncomeFromContinuingOperations": "2066000",
            "comprehensiveIncomeNetOfTax": "16327000",
            "ebit": "5473000",
            "ebitda": "11962000",
            "netIncome": "2066000"
        },
        {
            "fiscalDateEnding": "2021-12-31",
            "reportedCurrency": "USD",
            "grossProfit": "16890000",
            "totalRevenue": "200675000",
            "costOfRevenue": "196486000",
            "costofGoodsAndServicesSold": "184520000",
            "operatingIncome": "4591000",
            "sellingGeneralAndAdministrative": "11966000",
            "researchAndDevelopment": "None",
            "operatingExpenses": "11726000",
            "investmentIncomeNet": "194000",
            "netInterestIncome": "-735000",
            "interestIncome": "-477000",
            "interestExpense": "735000",
            "nonInterestIncome": "201410000",
            "otherNonOperatingIncome": "258000",
            "depreciation": "5422000",
            "depreciationAndAmortization": "6322000",
            "incomeBeforeTax": "4114000",
            "incomeTaxExpense": "3185000",
            "interestAndDebtExpense": "735000",
            "netIncomeFromContinuingOperations": "929000",
            "comprehensiveIncomeNetOfTax": "-26000",
            "ebit": "4849000",
            "ebitda": "11171000",
            "netIncome": "929000"
        },
        {
            "fiscalDateEnding": "2021-09-30",
            "reportedCurrency": "USD",
            "grossProfit": "26097000",
            "totalRevenue": "195296000",
            "costOfRevenue": "182565000",
            "costofGoodsAndServicesSold": "169895000",
            "operatingIncome": "13251000",
            "sellingGeneralAndAdministrative": "12670000",
            "researchAndDevelopment": "None",
            "operatingExpenses": "12590000",
            "investmentIncomeNet": "258000",
            "netInterestIncome": "-696000",
            "interestIncome": "258000",
            "interestExpense": "696000",
            "nonInterestIncome": "195992000",
            "otherNonOperatingIncome": "538000",
            "depreciation": "5458000",
            "depreciationAndAmortization": "6365000",
            "incomeBeforeTax": "13093000",
            "incomeTaxExpense": "4413000",
            "interestAndDebtExpense": "696000",
            "netIncomeFromContinuingOperations": "8680000",
            "comprehensiveIncomeNetOfTax": "2010000",
            "ebit": "13789000",
            "ebitda": "20154000",
            "netIncome": "8680000"
        },
        {
            "fiscalDateEnding": "2021-06-30",
            "reportedCurrency": "USD",
            "grossProfit": "27404000",
            "totalRevenue": "187034000",
            "costOfRevenue": "172881000",
            "costofGoodsAndServicesSold": "157041000",
            "operatingIncome": "13997000",
            "sellingGeneralAndAdministrative": "12764000",
            "researchAndDevelopment": "None",
            "operatingExpenses": "27373000",
            "investmentIncomeNet": "132000",
            "netInterestIncome": "-734000",
            "interestIncome": "132000",
            "interestExpense": "734000",
            "nonInterestIncome": "184445000",
            "otherNonOperatingIncome": "120000",
            "depreciation": "5600000",
            "depreciationAndAmortization": "6521000",
            "incomeBeforeTax": "23100000",
            "incomeTaxExpense": "9681000",
            "interestAndDebtExpense": "734000",
            "netIncomeFromContinuingOperations": "27404000",
            "comprehensiveIncomeNetOfTax": "22303000",
            "ebit": "23834000",
            "ebitda": "30355000",
            "netIncome": "13419000"
        },
        {
            "fiscalDateEnding": "2021-03-31",
            "reportedCurrency": "USD",
            "grossProfit": "25595000",
            "totalRevenue": "177981000",
            "costOfRevenue": "167852000",
            "costofGoodsAndServicesSold": "153271000",
            "operatingIncome": "8616000",
            "sellingGeneralAndAdministrative": "14581000",
            "researchAndDevelopment": "None",
            "operatingExpenses": "14397000",
            "investmentIncomeNet": "159000",
            "netInterestIncome": "-885000",
            "interestIncome": "159000",
            "interestExpense": "885000",
            "nonInterestIncome": "178866000",
            "otherNonOperatingIncome": "687000",
            "depreciation": "5937000",
            "depreciationAndAmortization": "6820000",
            "incomeBeforeTax": "8418000",
            "incomeTaxExpense": "3660000",
            "interestAndDebtExpense": "885000",
            "netIncomeFromContinuingOperations": "4758000",
            "comprehensiveIncomeNetOfTax": "9000",
            "ebit": "9303000",
            "ebitda": "16123000",
            "netIncome": "4758000"
        },
        {
            "fiscalDateEnding": "2020-12-31",
            "reportedCurrency": "USD",
            "grossProfit": "25934000",
            "totalRevenue": "161943000",
            "costOfRevenue": "149467000",
            "costofGoodsAndServicesSold": "136842000",
            "operatingIncome": "13092000",
            "sellingGeneralAndAdministrative": "12625000",
            "researchAndDevelopment": "None",
            "operatingExpenses": "12366000",
            "investmentIncomeNet": "187000",
            "netInterestIncome": "-833000",
            "interestIncome": "187000",
            "interestExpense": "833000",
            "nonInterestIncome": "162776000",
            "otherNonOperatingIncome": "317000",
            "depreciation": "5393000",
            "depreciationAndAmortization": "6075000",
            "incomeBeforeTax": "12576000",
            "incomeTaxExpense": "5112000",
            "interestAndDebtExpense": "833000",
            "netIncomeFromContinuingOperations": "7464000",
            "comprehensiveIncomeNetOfTax": "13631000",
            "ebit": "13409000",
            "ebitda": "19484000",
            "netIncome": "7464000"
        },
        {
            "fiscalDateEnding": "2020-09-30",
            "reportedCurrency": "USD",
            "grossProfit": "14561000",
            "totalRevenue": "140634000",
            "costOfRevenue": "138308000",
            "costofGoodsAndServicesSold": "126944000",
            "operatingIncome": "2906000",
            "sellingGeneralAndAdministrative": "11364000",
            "researchAndDevelopment": "None",
            "operatingExpenses": "10477000",
            "investmentIncomeNet": "125000",
            "netInterestIncome": "-871000",
            "interestIncome": "-653000",
            "interestExpense": "871000",
            "nonInterestIncome": "141505000",
            "otherNonOperatingIncome": "218000",
            "depreciation": "5439000",
            "depreciationAndAmortization": "6112000",
            "incomeBeforeTax": "2253000",
            "incomeTaxExpense": "-1179000",
            "interestAndDebtExpense": "871000",
            "netIncomeFromContinuingOperations": "3432000",
            "comprehensiveIncomeNetOfTax": "3504000",
            "ebit": "3124000",
            "ebitda": "9236000",
            "netIncome": "3432000"
        },
        {
            "fiscalDateEnding": "2020-06-30",
            "reportedCurrency": "USD",
            "grossProfit": "-9451000",
            "totalRevenue": "89644000",
            "costOfRevenue": "45194",
            "costofGoodsAndServicesSold": "95506000",
            "operatingIncome": "-20873000",
            "sellingGeneralAndAdministrative": "8606000",
            "researchAndDevelopment": "None",
            "operatingExpenses": "45194",
            "investmentIncomeNet": "127000",
            "netInterestIncome": "-1190000",
            "interestIncome": "-3444000",
            "interestExpense": "1190000",
            "nonInterestIncome": "86055000",
            "otherNonOperatingIncome": "-2254000",
            "depreciation": "5216000",
            "depreciationAndAmortization": "1508000",
            "incomeBeforeTax": "-22033000",
            "incomeTaxExpense": "-1786000",
            "interestAndDebtExpense": "1190000",
            "netIncomeFromContinuingOperations": "-9451000",
            "comprehensiveIncomeNetOfTax": "-18986000",
            "ebit": "-20843000",
            "ebitda": "-19335000",
            "netIncome": "-20247000"
        },
        {
            "fiscalDateEnding": "2020-03-31",
            "reportedCurrency": "USD",
            "grossProfit": "15383000",
            "totalRevenue": "169763000",
            "costOfRevenue": "168000000",
            "costofGoodsAndServicesSold": "155611000",
            "operatingIncome": "3145000",
            "sellingGeneralAndAdministrative": "11720000",
            "researchAndDevelopment": "None",
            "operatingExpenses": "12969000",
            "investmentIncomeNet": "173000",
            "netInterestIncome": "-1231000",
            "interestIncome": "173000",
            "interestExpense": "1231000",
            "nonInterestIncome": "170994000",
            "otherNonOperatingIncome": "3699000",
            "depreciation": "5330000",
            "depreciationAndAmortization": "669000",
            "incomeBeforeTax": "-39581000",
            "incomeTaxExpense": "1530000",
            "interestAndDebtExpense": "1231000",
            "netIncomeFromContinuingOperations": "-41111000",
            "comprehensiveIncomeNetOfTax": "-59830000",
            "ebit": "-38350000",
            "ebitda": "-37681000",
            "netIncome": "-41111000"
        },
        {
            "fiscalDateEnding": "2019-12-31",
            "reportedCurrency": "USD",
            "grossProfit": "15665000",
            "totalRevenue": "168410000",
            "costOfRevenue": "167032000",
            "costofGoodsAndServicesSold": "153846000",
            "operatingIncome": "2561000",
            "sellingGeneralAndAdministrative": "12508000",
            "researchAndDevelopment": "None",
            "operatingExpenses": "12928000",
            "investmentIncomeNet": "212000",
            "netInterestIncome": "-1101000",
            "interestIncome": "212000",
            "interestExpense": "1101000",
            "nonInterestIncome": "169511000",
            "otherNonOperatingIncome": "-544000",
            "depreciation": "5167000",
            "depreciationAndAmortization": "678000",
            "incomeBeforeTax": "916000",
            "incomeTaxExpense": "507000",
            "interestAndDebtExpense": "1101000",
            "netIncomeFromContinuingOperations": "409000",
            "comprehensiveIncomeNetOfTax": "3946000",
            "ebit": "2017000",
            "ebitda": "2695000",
            "netIncome": "409000"
        },
        {
            "fiscalDateEnding": "2019-09-30",
            "reportedCurrency": "USD",
            "grossProfit": "17443000",
            "totalRevenue": "178692000",
            "costOfRevenue": "174013000",
            "costofGoodsAndServicesSold": "162506000",
            "operatingIncome": "6346000",
            "sellingGeneralAndAdministrative": "10980000",
            "researchAndDevelopment": "None",
            "operatingExpenses": "11516000",
            "investmentIncomeNet": "210000",
            "netInterestIncome": "-1257000",
            "interestIncome": "210000",
            "interestExpense": "1257000",
            "nonInterestIncome": "179949000",
            "otherNonOperatingIncome": "-656000",
            "depreciation": "4946000",
            "depreciationAndAmortization": "527000",
            "incomeBeforeTax": "4433000",
            "incomeTaxExpense": "721000",
            "interestAndDebtExpense": "1257000",
            "netIncomeFromContinuingOperations": "3712000",
            "comprehensiveIncomeNetOfTax": "-2944000",
            "ebit": "5690000",
            "ebitda": "6217000",
            "netIncome": "3712000"
        },
        {
            "fiscalDateEnding": "2019-06-30",
            "reportedCurrency": "USD",
            "grossProfit": "18342000",
            "totalRevenue": "183702000",
            "costOfRevenue": "174281000",
            "costofGoodsAndServicesSold": "161151000",
            "operatingIncome": "5265000",
            "sellingGeneralAndAdministrative": "12018000",
            "researchAndDevelopment": "None",
            "operatingExpenses": "25416000",
            "investmentIncomeNet": "180000",
            "netInterestIncome": "-1336000",
            "interestIncome": "180000",
            "interestExpense": "1336000",
            "nonInterestIncome": "179493000",
            "otherNonOperatingIncome": "1022000",
            "depreciation": "4958000",
            "depreciationAndAmortization": "5761000",
            "incomeBeforeTax": "4951000",
            "incomeTaxExpense": "3949000",
            "interestAndDebtExpense": "1336000",
            "netIncomeFromContinuingOperations": "18342000",
            "comprehensiveIncomeNetOfTax": "913000",
            "ebit": "6287000",
            "ebitda": "12048000",
            "netIncome": "1002000"
        },
        {
            "fiscalDateEnding": "2019-03-31",
            "reportedCurrency": "USD",
            "grossProfit": "13791000",
            "totalRevenue": "178733000",
            "costOfRevenue": "177637000",
            "costofGoodsAndServicesSold": "166198000",
            "operatingIncome": "775000",
            "sellingGeneralAndAdministrative": "11439000",
            "researchAndDevelopment": "None",
            "operatingExpenses": "11657000",
            "investmentIncomeNet": "149000",
            "netInterestIncome": "-1256000",
            "interestIncome": "766000",
            "interestExpense": "1256000",
            "nonInterestIncome": "179989000",
            "otherNonOperatingIncome": "2022000",
            "depreciation": "4841000",
            "depreciationAndAmortization": "5590000",
            "incomeBeforeTax": "1541000",
            "incomeTaxExpense": "3070000",
            "interestAndDebtExpense": "1256000",
            "netIncomeFromContinuingOperations": "-1529000",
            "comprehensiveIncomeNetOfTax": "-1944000",
            "ebit": "2797000",
            "ebitda": "8387000",
            "netIncome": "-1529000"
        },
        {
            "fiscalDateEnding": "2018-12-31",
            "reportedCurrency": "USD",
            "grossProfit": "14156000",
            "totalRevenue": "166225000",
            "costOfRevenue": "168377000",
            "costofGoodsAndServicesSold": "153555000",
            "operatingIncome": "-797000",
            "sellingGeneralAndAdministrative": "14822000",
            "researchAndDevelopment": "None",
            "operatingExpenses": "14854000",
            "investmentIncomeNet": "152000",
            "netInterestIncome": "-1355000",
            "interestIncome": "None",
            "interestExpense": "1355000",
            "nonInterestIncome": "167580000",
            "otherNonOperatingIncome": "1035000",
            "depreciation": "4871000",
            "depreciationAndAmortization": "5652000",
            "incomeBeforeTax": "-1117000",
            "incomeTaxExpense": "-2288000",
            "interestAndDebtExpense": "1486000",
            "netIncomeFromContinuingOperations": "1171000",
            "comprehensiveIncomeNetOfTax": "1901000",
            "ebit": "238000",
            "ebitda": "7624000",
            "netIncome": "1171000"
        },
        {
            "fiscalDateEnding": "2018-09-30",
            "reportedCurrency": "USD",
            "grossProfit": "20019000",
            "totalRevenue": "180144000",
            "costOfRevenue": "176003000",
            "costofGoodsAndServicesSold": "161592000",
            "operatingIncome": "5717000",
            "sellingGeneralAndAdministrative": "14411000",
            "researchAndDevelopment": "None",
            "operatingExpenses": "14542000",
            "investmentIncomeNet": "147000",
            "netInterestIncome": "-1467000",
            "interestIncome": "None",
            "interestExpense": "1467000",
            "nonInterestIncome": "181611000",
            "otherNonOperatingIncome": "386000",
            "depreciation": "5247000",
            "depreciationAndAmortization": "6036000",
            "incomeBeforeTax": "4636000",
            "incomeTaxExpense": "2824000",
            "interestAndDebtExpense": "1467000",
            "netIncomeFromContinuingOperations": "1812000",
            "comprehensiveIncomeNetOfTax": "-1110000",
            "ebit": "6103000",
            "ebitda": "12139000",
            "netIncome": "1812000"
        },
        {
            "fiscalDateEnding": "2018-06-30",
            "reportedCurrency": "USD",
            "grossProfit": "23904000",
            "totalRevenue": "181325000",
            "costOfRevenue": "157421000",
            "costofGoodsAndServicesSold": "157421000",
            "operatingIncome": "9269000",
            "sellingGeneralAndAdministrative": "14742000",
            "researchAndDevelopment": "7792000",
            "operatingExpenses": "23710000",
            "investmentIncomeNet": "116000",
            "netInterestIncome": "-1373000",
            "interestIncome": "None",
            "interestExpense": "1373000",
            "nonInterestIncome": "181325000",
            "otherNonOperatingIncome": "2061000",
            "depreciation": "5039000",
            "depreciationAndAmortization": "5800000",
            "incomeBeforeTax": "9957000",
            "incomeTaxExpense": "-807000",
            "interestAndDebtExpense": "1373000",
            "netIncomeFromContinuingOperations": "23904000",
            "comprehensiveIncomeNetOfTax": "-940000",
            "ebit": "11330000",
            "ebitda": "14673000",
            "netIncome": "10764000"
        },
        {
            "fiscalDateEnding": "2018-03-31",
            "reportedCurrency": "USD",
            "grossProfit": "16556000",
            "totalRevenue": "165867000",
            "costOfRevenue": "149311000",
            "costofGoodsAndServicesSold": "149311000",
            "operatingIncome": "1583000",
            "sellingGeneralAndAdministrative": "13846000",
            "researchAndDevelopment": "None",
            "operatingExpenses": "13873000",
            "investmentIncomeNet": "182000",
            "netInterestIncome": "-1187000",
            "interestIncome": "None",
            "interestExpense": "1187000",
            "nonInterestIncome": "165867000",
            "otherNonOperatingIncome": "726000",
            "depreciation": "5084000",
            "depreciationAndAmortization": "5700000",
            "incomeBeforeTax": "1122000",
            "incomeTaxExpense": "946000",
            "interestAndDebtExpense": "1187000",
            "netIncomeFromContinuingOperations": "176000",
            "comprehensiveIncomeNetOfTax": "2804000",
            "ebit": "2309000",
            "ebitda": "8087000",
            "netIncome": "176000"
        },
        {
            "fiscalDateEnding": "2017-12-31",
            "reportedCurrency": "USD",
            "grossProfit": "22676000",
            "totalRevenue": "167478000",
            "costOfRevenue": "144802000",
            "costofGoodsAndServicesSold": "144802000",
            "operatingIncome": "7774000",
            "sellingGeneralAndAdministrative": "14626000",
            "researchAndDevelopment": "None",
            "operatingExpenses": "14554000",
            "investmentIncomeNet": "181000",
            "netInterestIncome": "-1190000",
            "interestIncome": "None",
            "interestExpense": "1190000",
            "nonInterestIncome": "167478000",
            "otherNonOperatingIncome": "392000",
            "depreciation": "4986000",
            "depreciationAndAmortization": "5600000",
            "incomeBeforeTax": "6976000",
            "incomeTaxExpense": "-4826000",
            "interestAndDebtExpense": "1190000",
            "netIncomeFromContinuingOperations": "11802000",
            "comprehensiveIncomeNetOfTax": "10051000",
            "ebit": "8166000",
            "ebitda": "16590000",
            "netIncome": "11802000"
        },
        {
            "fiscalDateEnding": "2017-09-30",
            "reportedCurrency": "USD",
            "grossProfit": "23292000",
            "totalRevenue": "164242000",
            "costOfRevenue": "140950000",
            "costofGoodsAndServicesSold": "140950000",
            "operatingIncome": "10173000",
            "sellingGeneralAndAdministrative": "12863000",
            "researchAndDevelopment": "None",
            "operatingExpenses": "12804000",
            "investmentIncomeNet": "81000",
            "netInterestIncome": "-1185000",
            "interestIncome": "None",
            "interestExpense": "1185000",
            "nonInterestIncome": "164242000",
            "otherNonOperatingIncome": "3168000",
            "depreciation": "4885000",
            "depreciationAndAmortization": "5500000",
            "incomeBeforeTax": "12156000",
            "incomeTaxExpense": "3196000",
            "interestAndDebtExpense": "1185000",
            "netIncomeFromContinuingOperations": "8960000",
            "comprehensiveIncomeNetOfTax": "12134000",
            "ebit": "13341000",
            "ebitda": "18885000",
            "netIncome": "8960000"
        },
        {
            "fiscalDateEnding": "2017-06-30",
            "reportedCurrency": "USD",
            "grossProfit": "27357000",
            "totalRevenue": "171250000",
            "costOfRevenue": "143893000",
            "costofGoodsAndServicesSold": "130369000",
            "operatingIncome": "13049000",
            "sellingGeneralAndAdministrative": "13551000",
            "researchAndDevelopment": "7177000",
            "operatingExpenses": "21497000",
            "investmentIncomeNet": "62000",
            "netInterestIncome": "-1147000",
            "interestIncome": "None",
            "interestExpense": "1147000",
            "nonInterestIncome": "0",
            "otherNonOperatingIncome": "2219000",
            "depreciation": "4732000",
            "depreciationAndAmortization": "338000",
            "incomeBeforeTax": "14121000",
            "incomeTaxExpense": "4417000",
            "interestAndDebtExpense": "1147000",
            "netIncomeFromContinuingOperations": "27357000",
            "comprehensiveIncomeNetOfTax": "6549000",
            "ebit": "15268000",
            "ebitda": "15606000",
            "netIncome": "9704000"
        }
    ]
}